@article{HDP_paper,
author = {Teh, Yee Whye and Jordan, Michael I and Beal, Matthew J and Blei, David},
file = {:Users/dowling/Documents/cla/Final Paper/papers and sources/HDP.pdf:pdf},
journal = {Journal of the American Statistical Association},
pages = {1--41},
title = {{Hierarchical dirichlet processes}},
url = {http://amstat.tandfonline.com/doi/abs/10.1198/016214506000000302},
year = {2006}
}


@article{senseval3paper,
author = {Mihalcea, Rada and Chklovski, Timothy and Rey, Marina and Kilgarriff, Adam},
file = {:Users/dowling/Documents/cla/Final Paper/papers and sources/W04-0807.pdf:pdf},
number = {July},
title = {{The SENSEVAL â€“ 3 English Lexical Sample Task}},
year = {2004}
}
